<!DOCTYPE html>
<html lang="en">
<head>
<title>Duona | duona</title>
<meta name="description" content="Duona" />
<meta name="keywords" content="Duona" />
<meta charset="utf-8">
<script type="text/javascript" src="https://ajax.googleapis.com/ajax/libs/jquery/1.5.1/jquery.min.js"></script>
<script type="text/javascript" src="js/hover.js"></script>
<link type="text/css" rel="stylesheet" href="styles/style.css" />


</head>
<body id="5FddKZPPL">
<div id="wrap">
  <div id="header">
    <h1><a href="#">duona</a></h1>
   </div>
  <!--end header-->
  <ul id="nav">
    <li><a href="index.html" class="current first">Home</a></li>
    <li><a href="#">Category</a>
<ul>
<li><a href="index.html">Keto Duona - ketogenine</a></li>
<li><a href="1.html">Joniškio duona - šeimos duonkepių tradicijos. Joniškis</a><br></li>
<li><a href="2.html">Lietuviškos duonos kepimo tradicijos - Klaipėdos duona</a><br></li>
<li><a href="3.html">DUONA - Maistotaksi.lt</a><br></li>
<li><a href="4.html">Duonos kepykla | lasuduona.lt</a><br></li>
<li><a href="5.html">DUONA - E-gulbelė</a><br></li>
<li><a href="6.html">Saulius Šaltenis. Riešutų duona.LHM200</a><br></li>
<li><a href="7.html">Kazys Bradūnas. Eilėraščiai.LH4800</a><br></li>
<li><a href="8.html">„Biržų duona”: įdarbinusi saulę, svarsto pažaboti ir vėją ...</a><br></li>
<li><a href="9.html">Duona - BARBORA</a><br></li>
</ul>
    </li>
    <li><a href="#">Services</a></li>
    <li><a href="privacy-policy.html">Privacy policy</a></li>
	<li><a href="terms.html">Terms and Conditions</a></li>
	<li><a href="photo.html">Photo gallery</a></li>
  </ul>
  <!--end nav-->
  <div class="line" id="mCXvXwR4BHGEGL"></div>
  <div id="frontpage">						
<center><iframe width="615 height="415" src="https://www.youtube.com/embed/ipzNoq2Benc" frameborder="0" allow="accelerometer; autoplay; encrypted-media; gyroscope; picture-in-picture" allowfullscreen></iframe></center>
    <div class="line"></div>
	
	<h2 id="lYWodM6Co4vzuPU">Duona</h2> 2020.10.29 09:33
<center><img src="img/bbf12d4900aece8e3adcff2bb73e5f94.jpg" width="50%" id="AIO4er3wQapjfS"></center><br><br><span> Informuojame, kad šioje svetainėje yra naudojami slapukai (angl. cookies). Toliau naršydami svetainėje arba paspausdami mygtuką Sutinku Jūs sutinkate su slapukų naudojimu. Savo duotą sutikimą bet kada galėsite atšaukti pakeisdami savo interneto naršyklės nustatymus ir ištrindami įrašytus slapukus. Daugiau informacijos apie slapukus galite rasti čia . </span> Sutinku Keisti apskritį <span> Parsisiųskite</span> Lietuvių English Русский Registruotis Prisijungti Prisijungti Registruotis <p> Sveiki, ačiū, kad vėl pas mus užsukote!</p> <p> Caps Lock yra įjungtas<p> (8 5) 230 9309 Prekės Mano prekės Akcijos Eko ir ūkis Naujienos Receptai Daržovės ir vaisiai Pieno gaminiai ir kiaušiniai Duonos gaminiai ir konditerija Mėsa, žuvys ir kulinarija Bakalėja Šaldytas maistas Gėrimai Kūdikių ir vaikų prekės Kosmetika ir higiena Švaros ir gyvūnų prekės Namai ir laisvalaikis <span> Pagrindinis puslapis </span> <span> Duonos gaminiai ir konditerija </span> <span> Duona </span> (8 5) 230 9309 Kasdien nuo 8 iki 21 val. El. p.: pagalba@barbora.lt Duonos gaminiai ir konditerija <span> 375</span> Tamsi duona <span> 33</span> Tamsi duona su pagardais <span> 14</span> Šviesi duona <span> 16</span> Šviesi duona su pagardais <span> 10</span> Batonas <span> 13</span> Sumuštinių duona ir duonelės <span> 32</span> Duona be glitimo <span> 12</span> 1 2 3 Filtruoti Rūšiuoti pagal: Abėcėlę (A-Ž) Abėcėlę (Ž-A) Kainą (didėj.) Kainą (mažėj.) Be Akcijos Akcijines kainas Kaina už mato vnt. (didėj.) Kaina už mato vnt. (mažėj.) <span> SĖKLŲ sumuštinių duona, 450 g</span> <span> €1,26 </span> €2,80/kg SĖKLŲ sumuštinių duona, 450 g <span> KARTU REKOMENDUOJAME</span> <span> </span> <span> Juoda ruginė raikyta AGOTOS duona, 800 g</span> <span> €1,26 </span> €1,58/kg Juoda ruginė raikyta AGOTOS duona, 800 g <span> KARTU REKOMENDUOJAME</span> <span> </span> <span> DARŽOVINĖ sumuštinių duona su pastarnokais, 450 g</span> <span> €1,49 </span> €3,31/kg DARŽOVINĖ sumuštinių duona su pastarnokais, 450 g <span> KARTU REKOMENDUOJAME</span> <span> </span> <span> 7 grūdų tamsi raikyta viso grūdo URTĖS duona, 300 g</span> <span> €0,95 </span> €3,17/kg 7 grūdų tamsi raikyta viso grūdo URTĖS duona, 300 g <span> KARTU REKOMENDUOJAME</span> <span> </span> <span> Kvietinės duonelės TOSTE su grūdais, 220 g</span> <span> €0,79 </span> €3,59/kg Kvietinės duonelės TOSTE su grūdais, 220 g <span> KARTU REKOMENDUOJAME</span> <span> </span> <span> Poliarinės duonelės STREET FOOD, 180 g</span> <span> €1,39 </span> €7,72/kg Poliarinės duonelės STREET FOOD, 180 g <span> KARTU REKOMENDUOJAME</span> <span> </span> <span> Skrudinimo duona TOSTE DELI BRIOCHE, 260 g</span> <span> €0,99 </span> €3,81/kg Skrudinimo duona TOSTE DELI BRIOCHE, 260 g <span> KARTU REKOMENDUOJAME</span> <span> </span> <span> SUMUŠTINIŲ duona su visų grūdo dalių kvietiniais miltais, 500 g</span> <span> €1,29 </span> €2,58/kg SUMUŠTINIŲ duona su visų grūdo dalių kvietiniais miltais, 500 g <span> KARTU REKOMENDUOJAME</span> <span> </span> <span> GARDĖSIO ruginė duona SOURDOUGH su raugu, 420 g</span> <span> €1,49 </span> €3,55/kg GARDĖSIO ruginė duona SOURDOUGH su raugu, 420 g <span> KARTU REKOMENDUOJAME</span> <span> </span> <span> Juoda ŽALGIRIO duona, 450 g</span> <span> €1,35 </span> €3,00/kg Juoda ŽALGIRIO duona, 450 g <span> KARTU REKOMENDUOJAME</span> <span> </span> <span> GRŪDŲ sumuštinių duona su 5 dribsniais, 450 g</span> <span> €1,29 </span> €2,87/kg GRŪDŲ sumuštinių duona su 5 dribsniais, 450 g <span> KARTU REKOMENDUOJAME</span> <span> </span> <span> Tamsi raikyta viso grūdo URTĖS duona su saulėgrąžomis, 300 g</span> <span> €0,95 </span> €3,17/kg Tamsi raikyta viso grūdo URTĖS duona su saulėgrąžomis, 300 g <span> KARTU REKOMENDUOJAME</span> <span> </span> <span> Kvietinės duonelės TOSTE su avižomis, 220 g</span> <span> €0,69 </span> €3,14/kg Kvietinės duonelės TOSTE su avižomis, 220 g <span> KARTU REKOMENDUOJAME</span> <span> </span> <span> Kvietinės duonelės TOSTE, 220 g</span> <span> €0,69 </span> €3,14/kg Kvietinės duonelės TOSTE, 220 g <span> KARTU REKOMENDUOJAME</span> <span> </span> <span> AGOTOS šviesi plikyta duona su saulėgrąžomis, 340 g</span> <span> €0,85 </span> €2,50/kg AGOTOS šviesi plikyta duona su saulėgrąžomis, 340 g <span> KARTU REKOMENDUOJAME</span> <span> </span> <span> GARDĖSIO kvietinė duona SOURDOUGH su raugu, 350 g</span> <span> €1,09 </span> €3,11/kg GARDĖSIO kvietinė duona SOURDOUGH su raugu, 350 g <span> KARTU REKOMENDUOJAME</span> <span> </span> <span> Šviesi duona JORĖ su sėklomis, 560 g</span> €1,49 <span> €1,19 </span> €2,12/kg Šviesi duona JORĖ su sėklomis, 560 g <span> KARTU REKOMENDUOJAME</span> <span> </span> <span> Ekologiška ruginė duona RUGELIS be cukraus, 600 g</span> <span> €2,25 </span> €3,75/kg Ekologiška ruginė duona RUGELIS be cukraus, 600 g <span> KARTU REKOMENDUOJAME</span> <span> </span> <span> AJERŲ duona, 450 g</span> <span> €0,99 </span> €2,20/kg AJERŲ duona, 450 g <span> KARTU REKOMENDUOJAME</span> <span> </span> <span> Avižinė duona be gliuteno, 400 g</span> <span> €3,49 </span> €8,73/kg Avižinė duona be gliuteno, 400 g <span> KARTU REKOMENDUOJAME</span> <span> </span> <span> Ekologiška plikyta ruginė duona, 600 g</span> <span> €2,25 </span> €3,75/kg Ekologiška plikyta ruginė duona, 600 g <span> KARTU REKOMENDUOJAME</span> <span> </span> <span> Tamsi duona su sėklomis be gliuteno, 400 g</span> <span> €3,49 </span> €8,73/kg Tamsi duona su sėklomis be gliuteno, 400 g <span> KARTU REKOMENDUOJAME</span> <span> </span> <span> Tamsi GUDOBELĖS duona su kanapių sėklomis, 340 g</span> <span> €0,99 </span> €2,91/kg Tamsi GUDOBELĖS duona su kanapių sėklomis, 340 g <span> KARTU REKOMENDUOJAME</span> <span> </span> <span> Ekologiška viso grūdo ruginė duona TIK MAN su sėklomis, 180 g</span> <span> €0,89 </span> €4,94/kg Ekologiška viso grūdo ruginė duona TIK MAN su sėklomis, 180 g <span> KARTU REKOMENDUOJAME</span> <span> </span> <span> Ekologiška šviesi duona TIK MAN su sėklomis, 180 g</span> <span> €0,89 </span> €4,94/kg Ekologiška šviesi duona TIK MAN su sėklomis, 180 g <span> KARTU REKOMENDUOJAME</span> <span> </span> <span> Tamsi KAIMIŠKA duona be pridėtinio cukraus, 500 g</span> <span> €1,09 </span> €2,18/kg Tamsi KAIMIŠKA duona be pridėtinio cukraus, 500 g <span> KARTU REKOMENDUOJAME</span> <span> </span> <span> Mini prancūziškas batonas SEMPER be glitimo, 300 g</span> <span> €4,99 </span> €16,63/kg Mini prancūziškas batonas SEMPER be glitimo, 300 g <span> KARTU REKOMENDUOJAME</span> <span> </span> <span> Prancūziška skrudinamoji duona TOSTE, 500 g</span> <span> €1,45 </span> €2,90/kg Prancūziška skrudinamoji duona TOSTE, 500 g <span> KARTU REKOMENDUOJAME</span> <span> </span> <span> Penkių grūdų skrudinamoji duona, 450 g</span> <span> €0,99 </span> €2,20/kg Penkių grūdų skrudinamoji duona, 450 g <span> KARTU REKOMENDUOJAME</span> <span> </span> <span> Gardėsio batonas su kefyru ir kalciu, 350 g</span> <span> €0,67 </span> €1,91/kg Gardėsio batonas su kefyru ir kalciu, 350 g <span> KARTU REKOMENDUOJAME</span> <span> </span> <span> Juoda duona JORĖ, pagardinta saulėgrąžomis, 580 g</span> €1,35 <span> €1,08 </span> €1,86/kg Juoda duona JORĖ, pagardinta saulėgrąžomis, 580 g <span> KARTU REKOMENDUOJAME</span> <span> </span> <span> Juoda raikyta NAMINĖ duona, 650 g</span> <span> €0,99 </span> €1,52/kg Juoda raikyta NAMINĖ duona, 650 g <span> KARTU REKOMENDUOJAME</span> <span> </span> <span> Juoda raikyta BOČIŲ duona, 500 g</span> <span> €0,79 </span> €1,58/kg Juoda raikyta BOČIŲ duona, 500 g <span> KARTU REKOMENDUOJAME</span> <span> </span> <span> SUMUŠTINIŲ duona, 250 g</span> <span> €0,67 </span> €2,68/kg SUMUŠTINIŲ duona, 250 g <span> KARTU REKOMENDUOJAME</span> <span> </span> <span> Visų grūdo dalių SUMUŠTINIŲ duona, 250 g</span> <span> €0,75 </span> €3,00/kg Visų grūdo dalių SUMUŠTINIŲ duona, 250 g <span> KARTU REKOMENDUOJAME</span> <span> </span> <span> Įvairiagrūdė juoda duona JORĖ, 280 g</span> €0,99 <span> €0,79 </span> €2,82/kg Įvairiagrūdė juoda duona JORĖ, 280 g <span> KARTU REKOMENDUOJAME</span> <span> </span> <span> Balta duona SCHAR PAN BLANCO (be glitimo), 250 g</span> <span> €1,99 </span> €7,96/kg Balta duona SCHAR PAN BLANCO (be glitimo), 250 g <span> KARTU REKOMENDUOJAME</span> <span> </span> <span> Juoda GRŪDŲ duona, 350 g</span> <span> €1,09 </span> €3,11/kg Juoda GRŪDŲ duona, 350 g <span> KARTU REKOMENDUOJAME</span> <span> </span> <span> Tamsios GRŪDŲ porcijinės duonelės, 220 g</span> <span> €0,89 </span> €4,05/kg Tamsios GRŪDŲ porcijinės duonelės, 220 g <span> KARTU REKOMENDUOJAME</span> <span> </span> <span> Tamsios SĖKLŲ porcijinės duonelės, 300 g</span> <span> €1,01 </span> €3,37/kg Tamsios SĖKLŲ porcijinės duonelės, 300 g <span> KARTU REKOMENDUOJAME</span> <span> </span> <span> Duona be glitimo SCAHR (MAESTRO CEREALE), 300 g</span> <span> €4,29 </span> €14,30/kg Duona be glitimo SCAHR (MAESTRO CEREALE), 300 g <span> KARTU REKOMENDUOJAME</span> <span> </span> <span> Tamsi minkšta duona BEZGLUTEN be glitimo, 260 g</span> <span> €2,99 </span> €11,50/kg Tamsi minkšta duona BEZGLUTEN be glitimo, 260 g <span> KARTU REKOMENDUOJAME</span> <span> </span> <span> Pusryčių bandelės SCHAR be glitimo, 200 g</span> <span> €2,89 </span> €14,45/kg Pusryčių bandelės SCHAR be glitimo, 200 g <span> KARTU REKOMENDUOJAME</span> <span> </span> <span> Duona SCHAR be glitimo, 240 g</span> <span> €4,29 </span> €17,88/kg Duona SCHAR be glitimo, 240 g <span> KARTU REKOMENDUOJAME</span> <span> </span> <span> Saldžios bandelės BEZGLUTEN be glitimo, 180 g</span> <span> €2,99 </span> €16,61/kg Saldžios bandelės BEZGLUTEN be glitimo, 180 g <span> KARTU REKOMENDUOJAME</span> <span> </span> <span> Balta raikyta duona BEZGLUTEN be glitimo, 300 g</span> <span> €2,99 </span> €9,97/kg Balta raikyta duona BEZGLUTEN be glitimo, 300 g <span> KARTU REKOMENDUOJAME</span> <span> </span> <span> Šviesi minkšta duona BEZGLUTEN be glitimo, 260 g</span> <span> €2,99 </span> €11,50/kg Šviesi minkšta duona BEZGLUTEN be glitimo, 260 g <span> KARTU REKOMENDUOJAME</span> <span> </span> <span> Skrudinamoji sumuštinių duona TOSTE, 500 g</span> <span> €1,24 </span> €2,48/kg Skrudinamoji sumuštinių duona TOSTE, 500 g <span> KARTU REKOMENDUOJAME</span> <span> </span> <span> Raikytas SOSTINĖS batonas, 400 g</span> <span> €0,78 </span> €1,95/kg Raikytas SOSTINĖS batonas, 400 g <span> KARTU REKOMENDUOJAME</span> <span> </span> <span> Visų grūdo dalių skrudinamoji duona TOSTE , 500 g</span> <span> €1,45 </span> €2,90/kg Visų grūdo dalių skrudinamoji duona TOSTE , 500 g <span> KARTU REKOMENDUOJAME</span> <span> </span> <span> Raikytas MAMOS batonas, 500 g</span> <span> €0,77 </span> €1,54/kg Raikytas MAMOS batonas, 500 g <span> KARTU REKOMENDUOJAME</span> <span> </span> <span> Juoda BOČIŲ duona be pridėtinio cukraus, 400 g</span> <span> €0,89 </span> €2,23/kg Juoda BOČIŲ duona be pridėtinio cukraus, 400 g <span> KARTU REKOMENDUOJAME</span> <span> </span> 1 2 3 Prekės Mano prekės Akcijos Eko ir ūkis Naujienos Receptai<br>
<ul>
<li><a href="index.html">Keto Duona - ketogenine</a><br> Klaipėdos duona, duonos gaminiai, sausainiai, tamsi duona, ruginė duona.</li>
<li><a href="1.html">Joniškio duona - šeimos duonkepių tradicijos. Joniškis</a><br> Minkšta naminė duona be raugo, mielių, kepimo miltelių ar sodos Ruginė duona be minkymo Greita pasukų duona su sėklomis Skanučiai ruginiai duoniukai be mielių Salyklinė juoda duona be mielių Naminis raugas duonai - su kefyru, tad išrūgsta daug greičiau! ...</li>
<li><a href="2.html">Lietuviškos duonos kepimo tradicijos - Klaipėdos duona</a><br> Juoda duona – lietuvio pagrindinis maistas nuo seno 🙂 Nors retai ją valgau, kartais užeina noras pasigamint pačiai. Pamenu kad gyvendama Lietuvoje visad pirkdavau grūdėtą ”Rugelio” duoną iš turgaus – kokia skani būdavo! Atėjus sveikos gyvensenos madai ir poreikiui duonos atsisakiau, bet numetus itin daug svorio nusprendžiau grįžt prie duonos […]</li>
<li><a href="3.html">DUONA - Maistotaksi.lt</a><br> RIEŠUTŲ DUONA Apysakos ir apsakymai Riešutų duona [...] Kaminskas sėdi kabinoje, o Peliūkštis viršuj, tarp spintų, veidrodžių ir puodų įsitaisęs ant sofos su dviem elektros lemputėm rankose. Tėvas praveria kambario duris ir susijaudinęs sako: – Ten ji, Kaminskaitė, tavęs laukia. – Žinau... – sumurmu.</li>
<li><a href="4.html">Duonos kepykla | lasuduona.lt</a><br> tamsi duona su grŪdais (ketvirtis kepalo) €2.25. ruginĖ viso grŪdo becukrĖ ir bemielĖ duona (ketvirtis kepalo) nuo €2.30. daugiau. provanso duona (Šaldyta) (vnt.) €1.50. provanso duona. €1.50. naminĖ duona be mieliŲ (ketvirtis kepalo) €1.90. kanapinĖ duona (ketvirtis kepalo) ...</li>
<li><a href="5.html">DUONA - E-gulbelė</a><br> Ir stebuklas pavirto duona. Buvo namai. Stovėjo stalas. Paskutiniai atėjo Knyga ir kryžius Į krikštasuolės kertę. Jeigu esi Dievo sūnus, Dabar viską atpirk. LIETUVIŠKASIS EMAUS Skaudžiai pamuštos jau kojos, Ir kelionėje praalkai, Vakarop saulelė gula – Pasilik pas mus.</li>
<li><a href="6.html">Saulius Šaltenis. Riešutų duona.LHM200</a><br> Vieną didžiausių šalies kepyklų „Biržų duona“ susitelkti į tvarios veiklos kūrimą paskatino įmonės vertybės ir noras kurti socialiai atsakingą verslą. Saulę „sekiojantys“ moduliai šiuo metu bendrovei pagamina 40 proc. reikalingo elektros kiekio. Planuose yra iš atsinaujinančių energijos šaltinių patenkinti visus 100 proc., todėl svarstoma ateityje įsirengti ir ...</li>
<li><a href="7.html">Kazys Bradūnas. Eilėraščiai.LH4800</a><br> Klasikinė skrudinimo duona TOSTE, raikyta, 500 g. Kaina 1,25 EUR. Peržiūrėti prek ...</li>
<li><a href="8.html">„Biržų duona”: įdarbinusi saulę, svarsto pažaboti ir vėją ...</a><br> Duona. Produktas, be kurio daugumai mūsų būtų labai sunku. Kai pusantrų metų turėjau griežtai vengti gliuteno, būtent duonos man trūko labiausiai. Per tą laikotarpį išbandžiau daug įvairių receptų, iki šiol pats sėkmingiausias jų buvo žaliųjų grikių ir sėklų duona, kurios receptas yra AML knygoje.</li>
<li><a href="9.html">Duona - BARBORA</a><br> duona - patiekalai, kuriuos nesunkiai pasigaminsite pagal pateiktus receptus. Daug gerų, išbandytų receptų, kuriuos turi išmėginti!</li>
</ul>
	
    <div id="featured-projects">
      <h3 id="oYQBgKNumk">Featured Projects</h3>
      <div class="featured-project-bg first"> <a href="#"><img src="img/f22500547278342206048bc674d4cfaf.jpg" width="50%" id="NN2DI5QG4"></a> </div>
      <div class="featured-project-bg"> <a href="#"><img src="img/2be8d1613c82927d2265b7eb48635eab.jpg" width="50%" id="cDMOkq3A"></a> </div>
      <div class="featured-project-bg"> <a href="#"><img src="img/7f7c63f2154b599d250b176ceb25f8e7.jpg" width="50%" id="KIzmxyflmxbLgFm"></a> </div>
    </div>
    <!--end featured-projects-->
    <div class="line"></div>
    <div id="content">
      <div id="services">
        <h4 id="BxYh22Cjstd">Menu</h4>
        <div class="service">
		
        <!--end service-->
      </div>
      <!--end services--></div>
      <div class="vertical-line"></div>
      <div id="articles">
        <h4 id="n3cnNMDPPRRkhp">Last Photo</h4>
<img src="img/9dfacf04065e0a9bd72580278ab9e1ad.jpg" width="50%" id="ioo3zkClxnnQ">
    </div>
    <!--end content-->
  </div>
  <!--end frontpage-->
  <div id="footer">
    <div class="line" id="b6dedHVp"></div>
    <p class="copyright" id="6pHupoP">Copyright &copy; <a href="#">duona</a> - All Rights Reserved </p>
	<p></p>
  </div>
  <!--end footer-->
</div>
<!--end wrap-->
</body>
</html>